@Misc{olsrorg,
  key =	"{OLSRd}",
  title =	 "{{OLSRd -- a routing protocol for IP-based mesh
                  networks}}",
  month =	 Sep,
  year =	 2015,
  note =	 {\url{http://www.olsr.org}},
}

