@inproceedings{Loni:2014:FES:2557642.2563675,
 author = {Loni, Babak and Cheung, Lei Yen and Riegler, Michael and Bozzon, Alessandro and Gottlieb, Luke and Larson, Martha},
 title = {Fashion 10000: An Enriched Social Image Dataset for Fashion and Clothing},
 booktitle = {Proceedings of the 5th ACM Multimedia Systems Conference},
 series = {MMSys '14},
 year = {2014},
 isbn = {978-1-4503-2705-3},
 location = {Singapore, Singapore},
 pages = {41--46},
 numpages = {6},
 url = {http://doi.acm.org/10.1145/2557642.2563675},
 doi = {10.1145/2557642.2563675},
 acmid = {2563675},
 publisher = {ACM},
 address = {New York, NY, USA},
 keywords = {clothing, crowdsourcing for multimedia, fashion, image dataset},
} 


@inproceedings{McAuley:2015:IRS:2766462.2767755,
 author = {McAuley, Julian and Targett, Christopher and Shi, Qinfeng and van den Hengel, Anton},
 title = {Image-Based Recommendations on Styles and Substitutes},
 booktitle = {Proceedings of the 38th International ACM SIGIR Conference on Research and Development in Information Retrieval},
 series = {SIGIR '15},
 year = {2015},
 isbn = {978-1-4503-3621-5},
 location = {Santiago, Chile},
 pages = {43--52},
 numpages = {10},
 url = {http://doi.acm.org/10.1145/2766462.2767755},
 doi = {10.1145/2766462.2767755},
 acmid = {2767755},
 publisher = {ACM},
 address = {New York, NY, USA},
 keywords = {metric learning, recommender systems, visual features},
} 



@inproceedings{McAuley:2016:ACS:2872427.2883044,
 author = {McAuley, Julian and Yang, Alex},
 title = {Addressing Complex and Subjective Product-Related Queries with Customer Reviews},
 booktitle = {Proceedings of the 25th International Conference on World Wide Web},
 series = {WWW '16},
 year = {2016},
 isbn = {978-1-4503-4143-1},
 location = {Montr\&\#233;al, Qu\&\#233;bec, Canada},
 pages = {625--635},
 numpages = {11},
 url = {https://doi.org/10.1145/2872427.2883044},
 doi = {10.1145/2872427.2883044},
 acmid = {2883044},
 publisher = {International World Wide Web Conferences Steering Committee},
 address = {Republic and Canton of Geneva, Switzerland},
 keywords = {bilinear models, question answering, relevance ranking, reviews, text modeling},
} 


@misc{stat,
  title = {Beauty-related content views on YouTube},
  howpublished = {\url{https://www.statista.com/statistics/294655/youtube-monthly-beauty-content-views/}},
  note = {Accessed: 2018-12-15},
  year= 2018
}


@inproceedings{Park:2016:SAI:2818048.2820065,
 author = {Park, Jaehyuk and Ciampaglia, Giovanni Luca and Ferrara, Emilio},
 title = {Style in the Age of Instagram: Predicting Success Within the Fashion Industry Using Social Media},
 booktitle = {Proceedings of the 19th ACM Conference on Computer-Supported Cooperative Work \& Social Computing},
 series = {CSCW '16},
 year = {2016},
 isbn = {978-1-4503-3592-8},
 location = {San Francisco, California, USA},
 pages = {64--73},
 numpages = {10},
 url = {http://doi.acm.org/10.1145/2818048.2820065},
 doi = {10.1145/2818048.2820065},
 acmid = {2820065},
 publisher = {ACM},
 address = {New York, NY, USA},
 keywords = {Fashion Industry, Science of Success, Social Media},
} 


@article{Asur11,
    author = {Asur, S. and Huberman, B. A. and Szabo, G. and Wang, C.},
    day = {1},
    journal = {5th International AAAI Conference on Weblogs and Social Media},
    pdf = {file://localhost/Users/nhodas/Documents/Papers/Trends\%20in\%20Social\%20Media\%20-\%20Persistence\%20and\%20Decay.pdf},
    posted-at = {2012-01-27 16:18:42},
    priority = {0},
    title = {{Trends in social media: Persistence and decay}},
    url = {http://www.aaai.org/ocs/index.php/ICWSM/ICWSM11/paper/viewFile/2815/3205},
    year = {2011}
}
